<record><leader>00000cas a22000007a 4500</leader><controlfield tag="001">57641929</controlfield><controlfield tag="008">050212d19181921inudr ne      0    0eng d</controlfield><datafield ind1=" " ind2=" " tag="010"><subfield code="a">sn2005062608</subfield></datafield><datafield ind1=" " ind2=" " tag="040"><subfield code="a">NPI</subfield><subfield code="b">eng</subfield><subfield code="c">NPI</subfield><subfield code="d">OCLCF</subfield><subfield code="d">OCLCO</subfield></datafield><datafield ind1="1" ind2=" " tag="029"><subfield code="a">AU@</subfield><subfield code="b">000026701502</subfield></datafield><datafield ind1=" " ind2=" " tag="042"><subfield code="a">msc</subfield></datafield><datafield ind1=" " ind2=" " tag="043"><subfield code="a">n-us-in</subfield></datafield><datafield ind1="0" ind2=" " tag="130"><subfield code="a">Gary daily tribune (Gary, Ind. : Daily : 1918)</subfield></datafield><datafield ind1="1" ind2="0" tag="245"><subfield code="a">Gary daily tribune.</subfield></datafield><datafield ind1=" " ind2=" " tag="260"><subfield code="a">Gary, Ind. :</subfield><subfield code="b">Gary Tribune Co.,</subfield><subfield code="c">1918-1921.</subfield></datafield><datafield ind1=" " ind2=" " tag="300"><subfield code="a">3 v. :</subfield><subfield code="b">ill.</subfield></datafield><datafield ind1=" " ind2=" " tag="310"><subfield code="a">Daily</subfield></datafield><datafield ind1="0" ind2=" " tag="362"><subfield code="a">12th year, no. 101 (Oct. 30, 1918)-14th year, no. 323 (July 9, 1921).</subfield></datafield><datafield ind1=" " ind2="0" tag="651"><subfield code="a">Gary (Ind.)</subfield><subfield code="v">Newspapers.</subfield></datafield><datafield ind1=" " ind2="7" tag="655"><subfield code="a">Newspapers.</subfield><subfield code="2">fast</subfield><subfield code="0">(OCoLC)fst01423814</subfield></datafield><datafield ind1=" " ind2="7" tag="651"><subfield code="a">Indiana</subfield><subfield code="z">Gary.</subfield><subfield code="2">fast</subfield><subfield code="0">(OCoLC)fst01205217</subfield></datafield><datafield ind1=" " ind2=" " tag="752"><subfield code="a">United States</subfield><subfield code="b">Indiana</subfield><subfield code="c">Lake</subfield><subfield code="d">Gary.</subfield></datafield><datafield ind1="0" ind2="0" tag="780"><subfield code="t">Gary tribune (Gary, Ind. : Daily : 1914)</subfield><subfield code="w">(DLC)sn2005062607</subfield></datafield><datafield ind1="0" ind2="7" tag="785"><subfield code="t">Gary evening post</subfield><subfield code="w">(DLC)sn 85047510</subfield></datafield><datafield ind1="0" ind2="7" tag="785"><subfield code="t">Gary evening post and daily tribune (</subfield><subfield code="w">(DLC)sn 85047509</subfield></datafield></record>